@article{hu2018global,
  title={Global simulation of tropospheric chemistry at 12.5 km resolution: performance and evaluation of the GEOS-Chem chemical module (v10-1) within the NASA GEOS Earth system model (GEOS-5 ESM)},
  author={Hu, Lu and Keller, Christoph A and Long, Michael S and Sherwen, Tom{\'a}s and Auer, Benjamin and Da Silva, Arlindo and Nielsen, Jon E and Pawson, Steven and Thompson, Matthew A and Trayanov, Atanas L and others},
  journal={Geoscientific Model Development},
  pages={4603--4620},
  year={2018},
  publisher={York}
}

@article{jacob2016satellite,
  title={Satellite observations of atmospheric methane and their value for quantifying methane emissions},
  author={Jacob, Daniel J and Turner, Alexander J and Maasakkers, Joannes D and Sheng, Jianxiong and Sun, Kang and Liu, Xiong and Chance, Kelly and Aben, Ilse and McKeever, Jason and Frankenberg, Christian},
  journal={Atmospheric Chemistry and Physics},
  year={2016},
  publisher={European Geosciences Union}
}

@article{goldenstein2017spectraplot,
  title={SpectraPlot. com: Integrated spectroscopic modeling of atomic and molecular gases},
  author={Goldenstein, Christopher S and Miller, Victor A and Spearrin, R Mitchell and Strand, Christopher L},
  journal={Journal of Quantitative Spectroscopy and Radiative Transfer},
  volume={200},
  pages={249--257},
  year={2017},
  publisher={Elsevier}
}


@misc{AALTO1,
  title = {Aalto-1: the Finnish student satellite project},
  howpublished = {\url{https://www.aalto.fi/en/spacecraft/aalto-1-the-finnish-student-satellite-project}},
}

@misc{OCDE,
  title = {OCDE (1991): Environmental indicators. A preliminary set. OCDE, París},
  howpublished = {\url{https://www.oecd.org/site/worldforum/33703867.pdf}},
}

@misc{DIFRE,
  title = {International ligths technologies: Difference Between a Spectrometer, a Spectroradiometer, and a Radiometer},
  howpublished = {\url{https://www.intl-lighttech.com/blog/what-difference-between-spectrometer-spectroradiometer-and-radiometer}},
}

@misc{GAZ,
  title = {Quelles sont les propriétés communes des gaz à effet de serre ?},
  howpublished = {\url{https://planet-terre.ens-lyon.fr/article/gaz-effet-serre.xml}},
}

@misc{spaceborn_sensing,
  title = {Fran\c cois-Marie Bréon  et Philippe Ciais, Spaceborne remote sensing of greenhouse gas concentrations},
  howpublished = {\url{https://www.sciencedirect.com/science/article/pii/S1631071309002399}},
}
@misc{radiometro,
  title = {Encyclopaedia Britannica, Radiómetro},
  howpublished = {\url{https://www.britannica.com/technology/radiometer }},
}

@misc{espectroradiometro,
  title = {Konica Minolta, Espectro- radiómetro},
  howpublished = {\url{http://sensing.konicaminolta.com.mx/2015/05/cual-es-la-diferencia-entre-radiometros-espectrofotometros-y-espectroradiometros/}},
}

@misc{espectrometro,
  title = {Muhammad Fahim Khokhar, C. Frankenberg, J. Hollwedel, S. Beirle, S. Kühl, M. Grzegorski, W. Wilms-Grabe, U. Platt and Thomas Wagner, SATELLITE REMOTE SENSING OF ATMOSPHERIC SO2: VOLCANIC ERUPTIONS AND ANTHROPOGENIC EMISSIONS },
  howpublished = {\url{http://satellite.mpic.de/pdf_dateien/Salzburg_so2.pdf}},
}

@misc{SO2,
  title = {The MPI-Mainz UV/VIS Spectral Atlas of Gaseous Molecules of Atmospheric Interest},
  howpublished = {\url{http://satellite.mpic.de/spectral_atlas/cross_sections/Sulfur\%20compounds/Inorganic\%20S-compounds/SO2.spc}},
}

@article{zou2017design,
  title={Design and Test of Portable Hyperspectral Imaging Spectrometer},
  author={Zou, Chunbo and Yang, Jianfeng and Wu, Dengshan and Zhao, Qiang and Gan, Yuquan and Fu, Di and Yang, Fanchao and Liu, Hong and Bai, Qinglan and Hu, Bingliang},
  journal={Journal of Sensors},
  volume={2017},
  year={2017},
  publisher={Hindawi}
}

@inproceedings{johnson2016cubesatRadiometer,
  title={The CubeSAT radiometer radio frequency interference technology validation (CubeRRT) mission},
  author={Johnson, Joel T and Chen, Chi-Chih and O'Brien, Andrew and Smith, Graeme E and McKelvey, Christa and Andrews, Mark and Ball, C and Misra, Sidharth and Brown, Shannon and Kocz, Jonathan and others},
  booktitle={2016 IEEE International Geoscience and Remote Sensing Symposium (IGARSS)},
  pages={299--301},
  year={2016},
  organization={IEEE}
}

@misc{MissionGOSAT,
  title = {GOSAT Mission Overview},
  howpublished = {\url{https://www.eorc.jaxa.jp/GOSAT/mission.html}},
}

@misc{FTS-GOSAT,
  title = {GOSAT TANSO-FTS Overview},
  howpublished = {\url{https://www.eorc.jaxa.jp/GOSAT/instrument_1.htm}},
}
@misc{CAI-GOSAT,
  title = {GOSAT TANSO-CAI Overview},
  howpublished = {\url{https://www.eorc.jaxa.jp/GOSAT/instrument_2.html}},
}

@misc{MERLIN,
  title = {MERLIN Overview},
  howpublished = {\url{https://event.dlr.de/en/ila2018/merlin/}},
}

@misc{Michelson,
  title = {Interferometro de Michelson},
  howpublished = {\url{https://es.wikipedia.org/wiki/Interfer%C3%B3metro_de_Michelson}},
}

@misc{FTS,
  title = {FTS Explanation Lectures from Keynote Chemistry},
  howpublished = {\url{https://keynotechemistry.com/spectroscopy/}},
}